@book{lecfys4411,
  title = {FYS4411 Lecture Notes},
  author = {Hjorth-Jensen, Morten},
  year = {2023},
  url = {http://compphysics.github.io/ComputationalPhysics2/doc/web/course}
}

@online{lec,
  title = {FYS5429 Lecture Notes},
  author = {Hjorth-Jensen, Morten},
  year = {2023},
  url = {https://compphysics.github.io/MachineLearning/doc/LectureNotes/_build/html/intro.html}
}

@online{wikiNN,
  title = {Neural Networks},
  author = {Wikipedia},
  year = {2023},
  url = {https://en.wikipedia.org/wiki/Neural_network}
}

@online{wikiRNN,
  title = {Recurrent Neural Networks},
  author = {Wikipedia},
  year = {2023},
  url = {https://en.wikipedia.org/wiki/Recurrent_neural_network}
}

@online{wikiCNN,
  title = {Convolutional Neural Networks},
  author = {Wikipedia},
  year = {2023},
  url = {https://en.wikipedia.org/wiki/Convolutional_neural_network}
}

